@book{Jurafsky:2009:SLP:1214993,
 author = {Jurafsky, Daniel and Martin, James H.},
 title = {Speech and Language Processing (2Nd Edition)},
 year = {2009},
 isbn = {0131873210},
 publisher = {Prentice-Hall, Inc.},
 address = {Upper Saddle River, NJ, USA},
} 

@book{upton2014dictionary,
  title={A dictionary of statistics 3e},
  author={Upton, Graham and Cook, Ian},
  year={2014},
  publisher={Oxford university press}
}

@inproceedings{lewis1998naive,
  title={Naive (Bayes) at forty: The independence assumption in information retrieval},
  author={Lewis, David D},
  booktitle={European conference on machine learning},
  pages={4--15},
  year={1998},
  organization={Springer}
}

@article{quinlan1986induction,
  title={Induction of decision trees},
  author={Quinlan, J. Ross},
  journal={Machine learning},
  volume={1},
  number={1},
  pages={81--106},
  year={1986},
  publisher={Springer}
}

@article{breiman1996bagging,
  title={Bagging predictors},
  author={Breiman, Leo},
  journal={Machine learning},
  volume={24},
  number={2},
  pages={123--140},
  year={1996},
  publisher={Springer}
}

@inproceedings{collobert2008unified,
  title={A unified architecture for natural language processing: Deep neural networks with multitask learning},
  author={Collobert, Ronan and Weston, Jason},
  booktitle={Proceedings of the 25th international conference on Machine learning},
  pages={160--167},
  year={2008},
  organization={ACM}
}

@article{benitez1997artificial,
  title={Are artificial neural networks black boxes?},
  author={Ben{\'\i}tez, Jos{\'e} Manuel and Castro, Juan Luis and Requena, Ignacio},
  journal={IEEE Transactions on neural networks},
  volume={8},
  number={5},
  pages={1156--1164},
  year={1997},
  publisher={IEEE}
}